@article{brinkerhoff2013data,
  title={Data assimilation and prognostic whole ice sheet modelling with the variationally derived, higher order, open source, and fully parallel ice sheet model {VarGlaS}},
  author={Brinkerhoff, Douglas John and Johnson, Jesse},
  journal={The Cryosphere},
  volume={7},
  pages={1161},
  year={2013},
  publisher={Copernicus Publications on behalf of the European Geosciences Union (EGU)}
}


@article{macayeal1989large,
  title={Large-scale ice flow over a viscous basal sediment: {T}heory and application to ice stream {B}, {A}ntarctica},
  author={MacAyeal, Douglas R},
  journal={Journal of Geophysical Research: Solid Earth},
  volume={94},
  number={B4},
  pages={4071--4087},
  year={1989},
  publisher={Wiley Online Library}
}


@article{mcrae2016automated,
  title={Automated generation and symbolic manipulation of tensor product finite elements},
  author={McRae, Andrew TT and Bercea, G-T and Mitchell, Lawrence and Ham, David A and Cotter, Colin J},
  journal={SIAM Journal on Scientific Computing},
  volume={38},
  number={5},
  pages={S25--S47},
  year={2016},
  publisher={SIAM}
}


@article{bercea2016structure,
  title={A structure-exploiting numbering algorithm for finite elements on extruded meshes, and its performance evaluation in {F}iredrake},
  author={Bercea, Gheorghe-Teodor and McRae, Andrew TT and Ham, David A and Mitchell, Lawrence and Rathgeber, Florian and Nardi, Luigi and Luporini, Fabio and Kelly, Paul HJ},
  journal={arXiv preprint arXiv:1604.05937},
  year={2016}
}


@book{de2013non,
  title={Non-equilibrium thermodynamics},
  author={De Groot, Sybren Ruurds and Mazur, Peter},
  year={2013},
  publisher={Courier Corporation}
}


@book{logg2012automated,
  title={Automated solution of differential equations by the finite element method: The FEniCS book},
  author={Logg, Anders and Mardal, Kent-Andre and Wells, Garth},
  volume={84},
  year={2012},
  publisher={Springer Science \& Business Media}
}


@article{blatter1995velocity,
  title={Velocity and stress fields in grounded glaciers: a simple algorithm for including deviatoric stress gradients},
  author={Blatter, Heinz},
  journal={Journal of Glaciology},
  volume={41},
  number={138},
  pages={333--344},
  year={1995},
  publisher={Cambridge University Press}
}


@article{pattyn2003new,
  title={A new three-dimensional higher-order thermomechanical ice sheet model: Basic sensitivity, ice stream development, and ice flow across subglacial lakes},
  author={Pattyn, Frank},
  journal={Journal of Geophysical Research: Solid Earth},
  volume={108},
  number={B8},
  year={2003},
  publisher={Wiley Online Library}
}


@article{dukowicz2010consistent,
  title={Consistent approximations and boundary conditions for ice-sheet dynamics from a principle of least action},
  author={Dukowicz, John K and Price, Stephen F and Lipscomb, William H},
  journal={Journal of Glaciology},
  volume={56},
  number={197},
  pages={480--496},
  year={2010},
  publisher={Cambridge University Press}
}


@article{weertman1957sliding,
  title={On the sliding of glaciers},
  author={Weertman, Johannes},
  journal={Journal of glaciology},
  volume={3},
  number={21},
  pages={33--38},
  year={1957},
  publisher={Cambridge University Press}
}


@article{tulaczyk2000basal,
  title={Basal mechanics of ice stream B, West Antarctica: 1. Till mechanics},
  author={Tulaczyk, Slawek and Kamb, W Barclay and Engelhardt, Hermann F},
  journal={Journal of Geophysical Research: Solid Earth},
  volume={105},
  number={B1},
  pages={463--481},
  year={2000},
  publisher={Wiley Online Library}
}


@article{schoof2005effect,
  title={The effect of cavitation on glacier sliding},
  author={Schoof, Christian},
  journal={Proceedings of the Royal Society A: Mathematical, Physical and Engineering Sciences},
  volume={461},
  number={2055},
  pages={609--627},
  year={2005},
  publisher={The Royal Society}
}


@article{budd1979empirical,
  title={Empirical studies of ice sliding},
  author={Budd, William F. and Keage, Peter L. and Blundy, NA},
  journal={Journal of glaciology},
  volume={23},
  number={89},
  pages={157--170},
  year={1979},
  publisher={Cambridge University Press}
}


@book{nocedal2006numerical,
  title={Numerical optimization},
  author={Nocedal, Jorge and Wright, Stephen},
  year={2006},
  publisher={Springer Science \& Business Media}
}


@article{sympy,
 title = {SymPy: symbolic computing in Python},
 author = {Meurer, Aaron and Smith, Christopher P. and Paprocki, Mateusz and \v{C}ert\'{i}k, Ond\v{r}ej and Kirpichev, Sergey B. and Rocklin, Matthew and Kumar, AMiT and Ivanov, Sergiu and Moore, Jason K. and Singh, Sartaj and Rathnayake, Thilina and Vig, Sean and Granger, Brian E. and Muller, Richard P. and Bonazzi, Francesco and Gupta, Harsh and Vats, Shivam and Johansson, Fredrik and Pedregosa, Fabian and Curry, Matthew J. and Terrel, Andy R. and Rou\v{c}ka, \v{S}t\v{e}p\'{a}n and Saboo, Ashutosh and Fernando, Isuru and Kulal, Sumith and Cimrman, Robert and Scopatz, Anthony},
 year = 2017,
 month = jan,
 volume = 3,
 pages = {e103},
 journal = {PeerJ Computer Science},
 issn = {2376-5992},
 url = {https://doi.org/10.7717/peerj-cs.103},
 doi = {10.7717/peerj-cs.103}
}


@article{bassis2010hamilton,
  title={Hamilton-type principles applied to ice-sheet dynamics: new approximations for large-scale ice-sheet flow},
  author={Bassis, Jeremy N},
  journal={Journal of Glaciology},
  volume={56},
  number={197},
  pages={497--513},
  year={2010},
  publisher={Cambridge University Press}
}


@article{gagliardini2013capabilities,
  title={Capabilities and performance of {Elmer/Ice}, a new-generation ice sheet model},
  author={Gagliardini, Olivier and Zwinger, Thomas and Gillet-Chaulet, Fabien and Durand, Ga\"{e}l and Favier, Lionel and Fleurian, Basile de and Greve, Ralf and Malinen, Mika and Mart{\'\i}n, Carlos and R{\aa}back, Peter and others},
  journal={Geoscientific Model Development},
  volume={6},
  number={4},
  pages={1299--1318},
  year={2013},
  publisher={Copernicus GmbH}
}


@article{green1996usability,
  title={Usability analysis of visual programming environments: a ‘cognitive dimensions’ framework},
  author={Green, Thomas R. G. and Petre, Marian},
  journal={Journal of Visual Languages \& Computing},
  volume={7},
  number={2},
  pages={131--174},
  year={1996},
  publisher={Elsevier}
}


@inproceedings{kluyver2016jupyter,
  title={Jupyter Notebooks-a publishing format for reproducible computational workflows.},
  author={Kluyver, Thomas and Ragan-Kelley, Benjamin and P{\'e}rez, Fernando and Granger, Brian E and Bussonnier, Matthias and Frederic, Jonathan and Kelley, Kyle and Hamrick, Jessica B and Grout, Jason and Corlay, Sylvain and others},
  booktitle={ELPUB},
  pages={87--90},
  year={2016}
}


@article{larour2012continental,
  title={Continental scale, high order, high spatial resolution, ice sheet modeling using the {Ice Sheet System Model (ISSM)}},
  author={Larour, Eric and Seroussi, H\'el\`ene and Morlighem, Mathieu and Rignot, Eric},
  journal={Journal of Geophysical Research: Earth Surface},
  volume={117},
  number={F1},
  year={2012},
  publisher={Wiley Online Library}
}


@book{donea2003finite,
  title={Finite element methods for flow problems},
  author={Donea, Jean and Huerta, Antonio},
  year={2003},
  publisher={John Wiley \& Sons}
}


@article{albrecht2014fracture,
  title={Fracture-induced softening for large-scale ice dynamics},
  author={Albrecht, Torsten and Levermann, Anders},
  journal={The Cryosphere},
  volume={8},
  number={2},
  pages={587},
  year={2014},
  publisher={Copernicus GmbH}
}


@article{jouvet2015multilayer,
  title={Multilayer shallow shelf approximation: {M}inimisation formulation, finite element solvers and applications},
  author={Jouvet, Guillaume},
  journal={Journal of Computational Physics},
  volume={287},
  pages={60--76},
  year={2015},
  publisher={Elsevier}
}


@article{kleiner2014numerical,
  title={Numerical simulations of major ice streams in western {Dronning Maud Land, Antarctica}, under wet and dry basal conditions},
  author={Kleiner, Thomas and Humbert, Angelika},
  journal={Journal of Glaciology},
  volume={60},
  number={220},
  pages={215--232},
  year={2014},
  publisher={International Glaciological Society}
}


@article{langdon1978numerical,
  title={Numerical calculation of adjustment of a glacier surface to perturbations of ice thickness},
  author={Langdon, James and Raymond, Charles F},
  journal={Mater. Glyatsiol. Issled. Khron. Obsuzhdeniya},
  volume={32},
  pages={233--239},
  year={1978}
}


@article{cantwell2015nektar++,
  title={Nektar++: An open-source spectral/hp element framework},
  author={Cantwell, Chris D and Moxey, David and Comerford, Andrew and Bolis, Alessandro and Rocco, Gabriele and Mengaldo, Gianmarco and De Grazia, Daniele and Yakovlev, Sergey and Lombard, J-E and Ekelschot, Dirk and others},
  journal={Computer physics communications},
  volume={192},
  pages={205--219},
  year={2015},
  publisher={Elsevier}
}


@article{bangerth2007deal,
  title={deal.{II} — a general-purpose object-oriented finite element library},
  author={Bangerth, Wolfgang and Hartmann, Ralf and Kanschat, Guido},
  journal={ACM Transactions on Mathematical Software (TOMS)},
  volume={33},
  number={4},
  pages={24},
  year={2007},
  publisher={ACM}
}


@article{macayeal1992basal,
  title={The basal stress distribution of {Ice Stream E, Antarctica}, inferred by control methods},
  author={MacAyeal, Douglas R},
  journal={Journal of Geophysical Research: Solid Earth},
  volume={97},
  number={B1},
  pages={595--603},
  year={1992},
  publisher={Wiley Online Library}
}


@article{joughin2009basal,
  title={Basal conditions for {Pine Island and Thwaites Glaciers, West Antarctica}, determined using satellite and airborne data},
  author={Joughin, Ian and Tulaczyk, Slawek and Bamber, Jonathan L and Blankenship, Don and Holt, John W and Scambos, Ted and Vaughan, David G},
  journal={Journal of Glaciology},
  volume={55},
  number={190},
  pages={245--257},
  year={2009},
  publisher={Cambridge University Press}
}


@book{boffi2013mixed,
  title={Mixed finite element methods and applications},
  author={Boffi, Daniele and Brezzi, Franco and Fortin, Michel},
  volume={44},
  year={2013},
  publisher={Springer}
}


@article{pattyn2012results,
  title={Results of the marine ice sheet model intercomparison project, MISMIP},
  author={Pattyn, Frank and Schoof, Christian and Perichon, Laura and Hindmarsh, RCA and Bueler, Ed and De Fleurian, B and Durand, Gil and Gagliardini, Olivier and Gladstone, R and Goldberg, D and others},
  journal={The Cryosphere},
  volume={6},
  number={3},
  pages={573--588},
  year={2012},
  publisher={Copernicus Publications}
}


@article{asay2016experimental,
  title={Experimental design for three interrelated marine ice sheet and ocean model intercomparison projects: {MISMIP v. 3 (MISMIP+), ISOMIP v. 2 (ISOMIP+) and MISOMIP v. 1 (MISOMIP1)}},
  author={Asay-Davis, Xylar and Cornford, Stephen and Durand, Ga{\"e}l and Galton-Fenzi, Benjamin and Gladstone, Rupert and Gudmundsson, Hilmar and Hattermann, Tore and Holland, David and Holland, Denise and Holland, Paul and others},
  journal={Geoscientific Model Development},
  volume={9},
  number={7},
  pages={2471--2497},
  year={2016},
  publisher={European Geosciences Union}
}


@article{holland2009marine,
  title={Marine ice in Larsen ice shelf},
  author={Holland, Paul R and Corr, Hugh FJ and Vaughan, David G and Jenkins, Adrian and Skvarca, Pedro},
  journal={Geophysical Research Letters},
  volume={36},
  number={11},
  year={2009},
  publisher={Wiley Online Library}
}


@article{kulessa2014marine,
  title={Marine ice regulates the future stability of a large Antarctic ice shelf},
  author={Kulessa, Bernd and Jansen, Daniela and Luckman, Adrian J and King, Edward C and Sammonds, Peter R},
  journal={Nature communications},
  volume={5},
  pages={3707},
  year={2014},
  publisher={Nature Publishing Group}
}


@article{mouginot2019continent,
  title={Continent-wide, interferometric SAR phase, mapping of Antarctic ice velocity},
  author={Mouginot, J and Rignot, E and Scheuchl, B},
  journal={Geophysical Research Letters},
  volume={46},
  number={16},
  pages={9710--9718},
  year={2019},
  publisher={Wiley Online Library}
}


@article{morlighem2019deep,
  title={Deep glacial troughs and stabilizing ridges unveiled beneath the margins of the Antarctic ice sheet},
  author={Morlighem, Mathieu and Rignot, Eric and Binder, Tobias and Blankenship, Donald and Drews, Reinhard and Eagles, Graeme and Eisen, Olaf and Ferraccioli, Fausto and Forsberg, Ren{\'e} and Fretwell, Peter and others},
  journal={Nature Geoscience},
  pages={1--6},
  year={2019},
  publisher={Nature Publishing Group}
}


@article{fretwell2013bedmap2,
  title={Bedmap2: improved ice bed, surface and thickness datasets for Antarctica},
  author={Fretwell, P and Pritchard, HD and Vaughan, DG and Bamber, JL and Barrand, NE and Bell, R and Bianchi, C and Bingham, RG and Blankenship, DD and Casassa, G and others},
  journal={The Cryosphere},
  volume={7},
  number={1},
  pages={375--393},
  year={2013},
  publisher={Copernicus GmbH}
}


@article{larour2005rheology,
  title={Rheology of the Ronne Ice Shelf, Antarctica, inferred from satellite radar interferometry data using an inverse control method},
  author={Larour, Eric and Rignot, E and Joughin, I and Aubry, Denis},
  journal={Geophysical Research Letters},
  volume={32},
  number={5},
  year={2005},
  publisher={Wiley Online Library}
}


@article{joughin2004basal,
  title={Basal shear stress of the Ross ice streams from control method inversions},
  author={Joughin, Ian and MacAyeal, Douglas R and Tulaczyk, Slawek},
  journal={Journal of Geophysical Research: Solid Earth},
  volume={109},
  number={B9},
  year={2004},
  publisher={Wiley Online Library}
}


@article{morlighem2010spatial,
  title={Spatial patterns of basal drag inferred using control methods from a full-Stokes and simpler models for Pine Island Glacier, West Antarctica},
  author={Morlighem, Mathieu and Rignot, Eric and Seroussi, Helene and Larour, Eric and Ben Dhia, H and Aubry, Denis},
  journal={Geophysical Research Letters},
  volume={37},
  number={14},
  year={2010},
  publisher={Wiley Online Library}
}


@article{macayeal1995basal,
  title={Basal friction of ice stream E, West Antarctica},
  author={MacAyeal, Douglas R and Bindschadler, Robert A and Scambos, Theodore A},
  journal={Journal of Glaciology},
  volume={41},
  number={138},
  pages={247--262},
  year={1995},
  publisher={Cambridge University Press}
}


@inproceedings{barron2019general,
  title={A general and adaptive robust loss function},
  author={Barron, Jonathan T},
  booktitle={Proceedings of the IEEE Conference on Computer Vision and Pattern Recognition},
  pages={4331--4339},
  year={2019}
}


@article{khazendar2011acceleration,
  title={Acceleration and spatial rheology of Larsen C ice shelf, Antarctic Peninsula},
  author={Khazendar, A and Rignot, E and Larour, E},
  journal={Geophysical Research Letters},
  volume={38},
  number={9},
  year={2011},
  publisher={Wiley Online Library}
}


@article{hutter1981effect,
  title={The effect of longitudinal strain on the shear stress of an ice sheet: in defence of using stretched coordinates},
  author={Hutter, Kolumban},
  journal={Journal of Glaciology},
  volume={27},
  number={95},
  pages={39--56},
  year={1981},
  publisher={Cambridge University Press}
}


@article{kessler2008fjord,
  title={Fjord insertion into continental margins driven by topographic steering of ice},
  author={Kessler, Mark A and Anderson, Robert S and Briner, Jason P},
  journal={Nature Geoscience},
  volume={1},
  number={6},
  pages={365--369},
  year={2008},
  publisher={Nature Publishing Group}
}


@article{perego2012parallel,
  title={Parallel finite-element implementation for higher-order ice-sheet models},
  author={Perego, Mauro and Gunzburger, Max and Burkardt, John},
  journal={Journal of Glaciology},
  volume={58},
  number={207},
  pages={76--88},
  year={2012},
  publisher={Cambridge University Press}
}


@article{shu1988efficient,
  title={Efficient implementation of essentially non-oscillatory shock-capturing schemes},
  author={Shu, Chi-Wang and Osher, Stanley},
  journal={Journal of computational physics},
  volume={77},
  number={2},
  pages={439--471},
  year={1988},
  publisher={Elsevier}
}


@book{van2013fundamentals,
  title={Fundamentals of glacier dynamics},
  author={Van der Veen, Cornelis J},
  year={2013},
  publisher={CRC press}
}


@book{cuffey2010physics,
  title={The physics of glaciers},
  author={Cuffey, Kurt M and Paterson, William Stanley Bryce},
  year={2010},
  publisher={Academic Press}
}


@article{pattyn2013grounding,
  title={Grounding-line migration in plan-view marine ice-sheet models: results of the ice2sea MISMIP3d intercomparison},
  author={Pattyn, Frank and Perichon, Laura and Durand, Ga{\"e}l and Favier, Lionel and Gagliardini, Olivier and Hindmarsh, Richard CA and Zwinger, Thomas and Albrecht, Torsten and Cornford, Stephen and Docquier, David and others},
  journal={Journal of Glaciology},
  volume={59},
  number={215},
  pages={410--422},
  year={2013},
  publisher={Cambridge University Press}
}


@article{aschwanden2012enthalpy,
  title={An enthalpy formulation for glaciers and ice sheets},
  author={Aschwanden, Andy and Bueler, Ed and Khroulev, Constantine and Blatter, Heinz},
  journal={Journal of Glaciology},
  volume={58},
  number={209},
  pages={441--457},
  year={2012},
  publisher={Cambridge University Press}
}


@article{alnaes2014unified,
  title={Unified form language: A domain-specific language for weak formulations of partial differential equations},
  author={Aln{\ae}s, Martin S and Logg, Anders and {\O}lgaard, Kristian B and Rognes, Marie E and Wells, Garth N},
  journal={ACM Transactions on Mathematical Software (TOMS)},
  volume={40},
  number={2},
  pages={1--37},
  year={2014},
  publisher={ACM New York, NY, USA}
}


@article{kirby2006compiler,
  title={A compiler for variational forms},
  author={Kirby, Robert C and Logg, Anders},
  journal={ACM Transactions on Mathematical Software (TOMS)},
  volume={32},
  number={3},
  pages={417--444},
  year={2006},
  publisher={ACM New York, NY, USA}
}


@article{rathgeber2016firedrake,
  title={Firedrake: automating the finite element method by composing abstractions},
  author={Rathgeber, Florian and Ham, David A and Mitchell, Lawrence and Lange, Michael and Luporini, Fabio and McRae, Andrew TT and Bercea, Gheorghe-Teodor and Markall, Graham R and Kelly, Paul HJ},
  journal={ACM Transactions on Mathematical Software (TOMS)},
  volume={43},
  number={3},
  pages={1--27},
  year={2016},
  publisher={ACM New York, NY, USA}
}


@article{mitusch2019dolfin,
  title={dolfin-adjoint 2018.1: automated adjoints for FEniCS and Firedrake},
  author={Mitusch, Sebastian K and Funke, Simon W and Dokken, J{\o}rgen S},
  journal={Journal of Open Source Software},
  volume={4},
  number={38},
  pages={1292},
  year={2019}
}


@article{kirchner2016shallow,
  title={Shallow ice approximation, second order shallow ice approximation, and full Stokes models: A discussion of their roles in palaeo-ice sheet modelling and development},
  author={Kirchner, Nina and Ahlkrona, Josefin and Gowan, Evan J and L{\"o}tstedt, Per and Lea, James M and Noormets, Riko and von Sydow, Lina and Dowdeswell, Julian A and Benham, Toby},
  journal={Quaternary Science Reviews},
  volume={147},
  pages={136--147},
  year={2016},
  publisher={Elsevier}
}


@article{banwell2013breakup,
  title={Breakup of the Larsen B Ice Shelf triggered by chain reaction drainage of supraglacial lakes},
  author={Banwell, Alison F and MacAyeal, Douglas R and Sergienko, Olga V},
  journal={Geophysical Research Letters},
  volume={40},
  number={22},
  pages={5872--5876},
  year={2013},
  publisher={Wiley Online Library}
}


@book{greve2009dynamics,
  title={Dynamics of ice sheets and glaciers},
  author={Greve, Ralf and Blatter, Heinz},
  year={2009},
  publisher={Springer Science \& Business Media}
}


@article{zoet2020slip,
  title={A slip law for glaciers on deformable beds},
  author={Zoet, Lucas K and Iverson, Neal R},
  journal={Science},
  volume={368},
  number={6486},
  pages={76--78},
  year={2020},
  publisher={American Association for the Advancement of Science}
}


@article{brinkerhoff2015dynamics,
  title={Dynamics of thermally induced ice streams simulated with a higher-order flow model},
  author={Brinkerhoff, DJ and Johnson, JV},
  journal={Journal of Geophysical Research: Earth Surface},
  volume={120},
  number={9},
  pages={1743--1770},
  year={2015},
  publisher={Wiley Online Library}
}


@article{balay2019petsc,
  title={PETSc users manual},
  author={Balay, Satish and Abhyankar, Shrirang and Adams, Mark and Brown, Jed and Brune, Peter and Buschelman, Kris and Dalcin, Lisandro and Dener, Alp and Eijkhout, Victor and Gropp, W and others},
  year={2019},
  publisher={Argonne National Laboratory}
}


@article{kirby2018solver,
  title={Solver composition across the PDE/linear algebra barrier},
  author={Kirby, Robert C and Mitchell, Lawrence},
  journal={SIAM Journal on Scientific Computing},
  volume={40},
  number={1},
  pages={C76--C98},
  year={2018},
  publisher={SIAM}
}


@article{joughin2019regularized,
  title={Regularized Coulomb friction laws for ice sheet sliding: application to Pine Island Glacier, Antarctica},
  author={Joughin, Ian and Smith, Benjamin E and Schoof, Christian G},
  journal={Geophysical research letters},
  volume={46},
  number={9},
  pages={4764--4771},
  year={2019},
  publisher={Wiley Online Library}
}


@article{scambos2007modis,
  title={MODIS-based Mosaic of Antarctica (MOA) data sets: Continent-wide surface morphology and snow grain size},
  author={Scambos, Ted A and Haran, Terry M and Fahnestock, MA and Painter, TH and Bohlander, Jennifer},
  journal={Remote Sensing of Environment},
  volume={111},
  number={2-3},
  pages={242--257},
  year={2007},
  publisher={Elsevier}
}


@book{haran2014modis,
  title={MODIS Mosaic of Antarctica 2008--2009 (MOA2009) image map},
  author={Haran, T and Bohlander, J and Scambos, T and Painter, T and Fahnestock, M},
  publisher={Boulder, Colorado USA, National Snow and Ice Data Center},
  doi={10.7265/N5KP8037},
  year={2014}
}


@article{gillet2006flow,
  title={Flow-induced anisotropy in polar ice and related ice-sheet flow modelling},
  author={Gillet-Chaulet, Fabien and Gagliardini, Olivier and Meyssonnier, Jacques and Zwinger, Thomas and Ruokolainen, Juha},
  journal={Journal of non-newtonian fluid mechanics},
  volume={134},
  number={1-3},
  pages={33--43},
  year={2006},
  publisher={Elsevier}
}


@article{roache2002code,
  title={Code verification by the method of manufactured solutions},
  author={Roache, Patrick J},
  journal={J. Fluids Eng.},
  volume={124},
  number={1},
  pages={4--10},
  year={2002}
}


@article{pratt1998gauss,
  title={{Gauss--Newton} and full {Newton} methods in frequency--space seismic waveform inversion},
  author={Pratt, R Gerhard and Shin, Changsoo and Hick, GJ},
  journal={{Geophysical Journal International}},
  volume={133},
  number={2},
  pages={341--362},
  year={1998},
  publisher={Blackwell Publishing Ltd Oxford, UK}
}


@article{huck2018usability,
  title={A usability case study of algorithmic differentiation tools on the {ISSM} ice sheet model},
  author={H{\"u}ck, Alexander and Bischof, Christian and Sagebaum, Max and Gauger, Nicolas R and Jurgelucks, Benjamin and Larour, Eric and Perez, Gilberto},
  journal={Optimization Methods and Software},
  volume={33},
  number={4-6},
  pages={844--867},
  year={2018},
  publisher={Taylor \& Francis}
}


@article{tezaur2015albany,
  title={Albany/FELIX: a parallel, scalable and robust, finite element, first-order Stokes approximation ice sheet solver built for advanced analysis},
  author={Tezaur, Irina K and Perego, Mauro and Salinger, Andrew G and Tuminaro, Raymond S and Price, Stephen F},
  journal={Geoscientific Model Development},
  volume={8},
  number={4},
  pages={1197--1220},
  year={2015},
  publisher={Copernicus GmbH}
}


@article{joughin2014marine,
  title={Marine ice sheet collapse potentially under way for the Thwaites Glacier Basin, West Antarctica},
  author={Joughin, Ian and Smith, Benjamin E and Medley, Brooke},
  journal={Science},
  volume={344},
  number={6185},
  pages={735--738},
  year={2014},
  publisher={American Association for the Advancement of Science}
}


@article{shapero2016basal,
  title={Basal resistance for three of the largest Greenland outlet glaciers},
  author={Shapero, Daniel R and Joughin, Ian R and Poinar, Kristin and Morlighem, Mathieu and Gillet-Chaulet, Fabien},
  journal={Journal of Geophysical Research: Earth Surface},
  volume={121},
  number={1},
  pages={168--180},
  year={2016},
  publisher={Wiley Online Library}
}


@article{vieli2007causes,
  title={Causes of pre-collapse changes of the Larsen B ice shelf: Numerical modelling and assimilation of satellite observations},
  author={Vieli, Andreas and Payne, Antony J and Shepherd, A and Du, Z},
  journal={Earth and Planetary Science Letters},
  volume={259},
  number={3-4},
  pages={297--306},
  year={2007},
  publisher={Elsevier}
}


@article{huybrechts2002sea,
  title={Sea-level changes at the LGM from ice-dynamic reconstructions of the Greenland and Antarctic ice sheets during the glacial cycles},
  author={Huybrechts, Philippe},
  journal={Quaternary Science Reviews},
  volume={21},
  number={1-3},
  pages={203--231},
  year={2002},
  publisher={Elsevier}
}


@article{nick2010physically,
  title={A physically based calving model applied to marine outlet glaciers and implications for the glacier dynamics},
  author={Nick, Faezeh M and Van der Veen, Cornelis J and Vieli, Andreas and Benn, Douglas I},
  journal={Journal of Glaciology},
  volume={56},
  number={199},
  pages={781--794},
  year={2010},
  publisher={Cambridge University Press}
}


@article{werder2013modeling,
  title={Modeling channelized and distributed subglacial drainage in two dimensions},
  author={Werder, Mauro A and Hewitt, Ian J and Schoof, Christian G and Flowers, Gwenn E},
  journal={Journal of Geophysical Research: Earth Surface},
  volume={118},
  number={4},
  pages={2140--2158},
  year={2013},
  publisher={Wiley Online Library}
}


@article{bellavia2007globalization,
  title={Globalization strategies for Newton--Krylov methods for stabilized FEM discretization of Navier--Stokes equations},
  author={Bellavia, Stefania and Berrone, Stefano},
  journal={Journal of Computational Physics},
  volume={226},
  number={2},
  pages={2317--2340},
  year={2007},
  publisher={Elsevier}
}


@article{phillips2010cryo,
  title={Cryo-hydrologic warming: A potential mechanism for rapid thermal response of ice sheets},
  author={Phillips, Thomas and Rajaram, Harihar and Steffen, Konrad},
  journal={Geophysical Research Letters},
  volume={37},
  number={20},
  year={2010},
  publisher={Wiley Online Library}
}


@article{bueler2014exact,
  title={An exact solution for a steady, flowline marine ice sheet},
  author={Bueler, Ed},
  journal={Journal of Glaciology},
  volume={60},
  number={224},
  pages={1117--1125},
  year={2014},
  publisher={Cambridge University Press}
}


@book{bodhvarsson1955flow,
  title={On the flow of ice-sheets and glaciers.},
  author={B{\"o}{\dh}varsson, Gunnar},
  year={1955}
}


@article{szabo2004p,
  title={The p-version of the finite element method},
  author={Szab{\'o}, Barna and D{\"u}ster, Alexander and Rank, Ernst},
  journal={Encyclopedia of computational mechanics},
  year={2004},
  publisher={Wiley Online Library}
}


@article{habermann2012reconstruction,
  title={Reconstruction of basal properties in ice sheets using iterative inverse methods},
  author={Habermann, Marijke and Maxwell, David and Truffer, Martin},
  journal={Journal of Glaciology},
  volume={58},
  number={210},
  pages={795--808},
  year={2012},
  publisher={Cambridge University Press}
}


@book{ascher1998computer,
  title={Computer methods for ordinary differential equations and differential-algebraic equations},
  author={Ascher, Uri M and Petzold, Linda R},
  volume={61},
  year={1998},
  publisher={Siam}
}


@inproceedings{hannay2009scientists,
  title={How do scientists develop and use scientific software?},
  author={Hannay, Jo Erskine and MacLeod, Carolyn and Singer, Janice and Langtangen, Hans Petter and Pfahl, Dietmar and Wilson, Greg},
  booktitle={2009 ICSE Workshop on Software Engineering for Computational Science and Engineering},
  pages={1--8},
  year={2009},
  organization={Ieee}
}


@article{harris2020array,
  title={Array programming with NumPy},
  author={Harris, Charles R and Millman, K Jarrod and van der Walt, St{\'e}fan J and Gommers, Ralf and Virtanen, Pauli and Cournapeau, David and Wieser, Eric and Taylor, Julian and Berg, Sebastian and Smith, Nathaniel J and others},
  journal={Nature},
  volume={585},
  number={7825},
  pages={357--362},
  year={2020},
  publisher={Nature Publishing Group}
}


@article{schoof2013ice,
  title={Ice-sheet dynamics},
  author={Schoof, Christian and Hewitt, Ian},
  journal={Annual Review of Fluid Mechanics},
  volume={45},
  pages={217--239},
  year={2013},
  publisher={Annual Reviews}
}


@article{jouvet2012steady,
  title={Steady, shallow ice sheets as obstacle problems: well-posedness and finite element approximation},
  author={Jouvet, Guillaume and Bueler, Ed},
  journal={SIAM Journal on Applied Mathematics},
  volume={72},
  number={4},
  pages={1292--1314},
  year={2012},
  publisher={SIAM}
}


@article{bueler2020conservation,
  title={Conservation laws for free-boundary fluid layers},
  author={Bueler, Ed},
  journal={arXiv preprint arXiv:2007.05625},
  year={2020}
}


@book{bueler2020petsc,
  title={PETSc for Partial Differential Equations: Numerical Solutions in C and Python},
  author={Bueler, Ed},
  year={2020},
  publisher={SIAM}
}


@inproceedings{nitsche1971variationsprinzip,
  title={{\"U}ber ein {Variationsprinzip} zur L{\"o}sung von {Dirichlet-Problemen} bei {Verwendung} von {T}eilr{\"a}umen, die keinen {R}andbedingungen unterworfen sind},
  author={Nitsche, Joachim},
  booktitle={Abhandlungen aus dem mathematischen Seminar der Universit{\"a}t Hamburg},
  volume={36},
  number={1},
  pages={9--15},
  year={1971},
  organization={Springer}
}
